3910 5673
574 645 3269 903 anthonia relicta richardi belet confitetur se debete ex reempto fratri petro
570 790 3315 992 clareti ordinis fratrum minorum laus nomine dictorum fratrum quindecim libras laus
570 907 3293 1094 quas promittit juramento suo et sub obligacione bonorum suorum solvere et tradere dicto fratri p
528 1013 3293 1193 incontinenti post primam sui requisicionem aut mandato dicti ordinis pro quibus solvendis
570 1123 3364 1300 dicta anthonia tradidit dicto fratri p nomine obligacionis sex cupas argenti ponderis
549 1200 3350 1413 in universo quatuor marcas duas uncias minus fiat littera ad dictamen sapientum
552 1310 2107 1505 datum xiii die mensis septembris anno quo supra
1781 1480 2528 1682 littera fratrum minorum laus
545 1710 3385 1934 anthonia predicta confitetur se debere fratribus minoribus laus centum et quinque solidos
577 1849 3378 2029 laus tam ex vendicione torchiarum cere candelarum quam penis pro oblacionibus dicti
588 1951 3339 2135 richardi viri sui sibi a dictis fratribus traditis quas promittit juramento suo etc
581 2061 3368 2259 et sub obligacione bonorum suorum etc solvere dictis fratribus omni excepcione remota
577 2171 1183 2323 datum ut supra
1909 2291 3060 2497 littera katerine relicte guillelmi frient
560 2366 3375 2638 ysabella de portu relicta stephani de portu pedagiatoris domini episcopi laus confitetur
563 2528 3400 2713 se debere ex mutuo katerine relicte guillelmi frient civis laus quinque florenos auri boni
584 2628 3272 2808 florencie quos promittit juramento suo etc et sub obligacione bonorum suorum etc solvere
577 2720 3279 2907 dicte katerine aut eius mandato infra proximum festum sancte katerine omni excepcione
591 2822 3261 3017 et sibi reddere missiones et expensas etc datum die jovis ante festum dedicacionis
606 2922 1827 3099 ecclesie beate marie laus anno quo supra
2029 3053 2706 3244 littera curati sancti petri
524 3116 3177 3364 johannes monachi marescallus laus confitetur se debere domino uldrico curato
613 3265 3230 3470 sancti petri laus sex florenos auri boni et ponderis florencie ex justa causa quos promittit
581 3389 3205 3573 juramento suo etc et sub obligacione etc solvere dicto curato per terminos infrascriptos
598 3481 3254 3672 videlicet infra proximum festum nativitatis domini medietatem et infra festum pasche aliam medietatem
598 3584 3219 3793 omni excepcione remota et sibi reddere dampna et missiones etc datum die lune
609 3679 3035 3927 ante festum apostolorum symonis et jude anno quo supra levata est
1764 3881 2451 4080 littera ecclesie sancti petri
641 3959 3166 4211 johannes monachi marescallus predictus dat imperpetuum donacione irrevocabili inter
641 4069 3219 4299 ecclesie sancti petri laus unam cupam frumenti receptibilis ad mensuram laus annui redditus nomine et
645 4186 3258 4437 pro remedio anime sue et rose uxoris sue ac omnium predecessorum suorum solvendam laus
602 4285 3201 4508 in festo beati michaelis quam assignat super omnia bona sua recuperandam donationem scilicet
645 4388 3318 4628 dictis bonis etc et promittit reddere missiones et expenses que fierent ob causam
620 4483 3339 4742 dicti frumenti annuamtim non soluti quam vult dictus jo redimi imperpetuum ad curatum
620 4565 3339 4848 dicte ecclesie per se vel heredes suos precio quinquaginta solidorum qui quinquaginta
616 4667 1683 4908 solidi ponantur in aquisicione
2960 4774 3283 4926 datum
616 4770 1565 4951 die lune et anno quibus supra
