7148 5673
1317 455 2692 669 lx primo littera communitatis ville de pullie
531 597 3183 757 michodus de venes salterus domicellus laus confitetur se recepisse a communitate
524 717 3416 880 proborum hominum ville de pullie sex libras laus bonorum nomine et ex parte domini hugonis
549 804 3357 964 gebenensis militis pro termino festi beati andree novissime preteriti videlicet illas sex libras
553 898 3296 1048 que dicto domino hugonis debentur pro lo gieto quare promittit dictus mich dicte
546 989 3350 1160 communitati esse guerens de dictis sex libras et ipsis reddere dampna et caetera datum
560 1073 2677 1273 sabbato post festum beati georgii anno domini mo cccmo lxa primo
1579 1229 2823 1444 littera mer lombardi et gir de pullie
557 1331 3437 1579 mermodus lombardi de quercu laus dat ad colendum imperpetuum pro se et suis
567 1477 3383 1644 girardo de pullie presenti et recepienti pro se et suis quendam campum suum situm in
571 1582 3416 1746 territorio laus in loco dicto pra communau juxta viam tendentem a laus versus
549 1673 3401 1837 a parte una et vineam quondam anthonii de gie ex alia et vineam johannodi frient a
564 1771 3288 1939 superiori parte sub condicionibus que secuntur primo que dictus gir suis expensis debet
575 1866 3390 2041 dictum campum reducere in vineam et plantare infra proximum festum pasche item quod dictus
564 1964 3408 2135 mermodus debet percipere annuatim et sui heredes terciam partem omnium fructuum in dicta vi
575 2062 3412 2219 nea provenientium cum in vineam fuerit reductum racione dominii et dictus girardus
589 2153 3448 2317 duas partes pro cultura sua et debet dividi annuatim dicta vindemia a tinyer a les
575 2255 3434 2426 chandally dictus gir debet notifficare dicto mer per unam diem antequam vindemietur
589 2335 3445 2524 et custodem pascere ut moris est dictamque vineam fideliter excolere devestit
604 2433 3459 2619 se dictus mer et caetera promittit manutenere et caetera et reddere dampna et caetera et dictus gir predicta
586 2539 3427 2717 confitetur fore vera et non contrafacere et pro quinquaginta solidis quos confitetur dictus gir a dicto
604 2641 3405 2826 mermodo recepisse pro dicto campo in vineam reducendo datum ultima die
604 2746 1535 2917 mensis maii anno quo supra
1277 2845 3197 3048 littera m lombar et jordanete moreta et johannet eius neptis
593 2950 3427 3161 mermodus lombardi de quercu laus locat et conducit jordanete filie quondam
611 3096 3390 3256 perrodi moret civis lausanne et johannete eius nepti presentibus et recepientibus ad vitam
611 3186 3339 3354 dicti mermodi tantum et cuilibet earum insolidum res et partes cuiusdam domus quondam dicti
615 3277 3387 3441 perrodi moret site in burgo laus juxta domum quondam wi frient ex parte una et
615 3379 3372 3525 domum perreti quondam de dalliens et dicte jordanete ex alia videlicet citurnum
626 3459 3397 3630 interiorem dicte domus et cameram coquine sitam juxta dictum citurnum et cameram dictam
637 3543 3463 3725 truyt continua retro dictum citurnum sitam vocatam larderet et plateam ante cameram
651 3659 3456 3808 dou truyt sita et quendam stabulum situm retro dictam domum juxta bastimenta
647 3754 3390 3928 que res et partes erant de bonis ysabelle quondam sue uxoris et sororis dicte
644 3848 3397 4023 johannete in quibus rebus dictus mermodus habet usufructum suum racione prolis sub
651 3958 3397 4132 cepte a dicta ysabella videlicet pro sexaginta solidis laus annui reditus sibi
637 4059 3474 4212 m a jord et johanneta et suis solvendis annuatim durante dicta locacione in festo beati
640 4147 3456 4303 beati michaelis devestit se et caetera promittit manutenere et caetera et dicte jor et johanneta predicta
651 4234 3430 4394 confitentur esse vera et promittunt juramentis suis et caetera et sub suorum bonorum obligacione et
647 4321 3354 4492 caetera predictos sexaginta solidos ut dictum est solvere et redere dampna et caetera
633 4394 3452 4587 et est actum quod si dictus mer vellet moram contrahere in rebus et partibus predictis
647 4510 3397 4685 quod dicte jor et jo debent et tenentur eidem ipsas dimittere et re
662 4631 902 4758 mittere
1124 4612 3106 4798 et ceatera datum viiia die mensis septembris anno quo supra
4856 487 5744 684 littera huguete de chesales
3772 557 6595 753 jordanus de alnex et uldricus eius frater lathomi et cives laus notum faciunt quod cum
3768 698 6602 848 nicola relicta johannodi vuilpit quondam sutoris laus in sua ultima voluntate ipsos
3761 775 6668 935 fratres instituit heredes in bonis que habuit a quodam dicto johannodo vuilpit in ipsa ultima
3779 866 6624 1033 voluntate legaverit huguete sorori sue triginta libras bonorum laus ipsas
3790 942 6628 1095 que assignaverit super partem anteriorem domus sue de burgo dicti fratres promittunt
3798 1029 6686 1197 pro se et suis super sancta dei evvangelia et caetera et sub obligacione suorum bonorum dictam
3783 1131 6711 1277 partem anteriorem dicte domus dicte huguete manutenere contra omnes et sibi reddere et rest
3798 1215 6704 1393 dampna et caetera et dictam donacionem ratifficant et confirmant et jurant non contravenire
3819 1310 6671 1488 sed dictam partem dicte domus ab omnibus exhonerare et solvere omnia debita in quibus
3801 1382 6718 1597 dicti nicola et johannodus tenebantur sub obligacione dicte particule datum secunda
3808 1524 5052 1691 die mensis februarii anno quo supra
5002 1637 6362 1862 littera jordani de alinex et uldrici eius fratris
3787 1771 6595 1993 nicoletus filius perrodi de chesales supra meldunum et hugueta eius soror confitentur
3808 1921 6631 2095 quod cum nicola sorror eorum relicta quondam johannodi vuilpit sutoris laus instituerit
3812 2015 6631 2208 heredes universales in bonis que a dicto quondam johannodo vuilpit habebat jordanum darnex et
3808 2113 6642 2303 uldricum eius fratrem cives et lathomos laus quod ipsi dictos fratres quittant et promittunt
3819 2230 6598 2404 absolvi de et super peticionibus et caetera sibi competentibus in bonis et de bonis dicte nicole
3816 2321 6617 2521 et dicti johannodi vuilpit et pro legatis nobis per dictam nicolam factis in sui ultima vo
3790 2437 6653 2594 luntate cedentes eciam et concedentes dictis fratribus omnes actiones et jura sibi competentes
3801 2543 6678 2706 in dictis bonis nichil juris in ipsis retinentes salvis semper legatis predictis et salvis
3816 2637 6595 2815 illis bonis que dicta nicola haberet ultra nemus de jorat et vinea de champafo
3812 2739 6573 2914 sita in territorio de riex per dictam nicolam dicto nicolao legatis devestiunt se
3823 2841 6540 3026 de dictis actionibus et caetera et jurant non contravenire datum die et anno quibus supra
5005 3034 5958 3241 littera nicolai de chesales
3699 3106 6507 3365 jordanus de alinex et uldricus eius frater lathomi et cives laus promittunt
3841 3266 6540 3452 juramenti suis et caetera et sub obligacione suorum bonorum et caetera esse guerentes nicolao
3838 3354 6657 3590 filio perrodi de chesales presenti de et super omnibus debitis in quibus nicola soror
3819 3477 6628 3714 dicti nicolai et johannodus vuilpit sutor lausanne extiterant obligati quoquomodo
3816 3590 6537 3852 seu ex quacumque causa et sibi reddere dampna et caetera datum die et anno quibus supra
4900 3750 6311 4009 littera nicolai et huguete de chesales
3816 3870 6558 4158 nicoletus filius perrodi de chesales et hugueta eius soror quittant et solvunt se
3841 4023 6646 4230 adinvicem alter eorum alterum de et super omnibus chalongiis et querelis sibi competentibus
3823 4099 6628 4347 uni contra alterum tam in bonis paternis et maternis quam aliis rebus quibuscumque et hoc
3801 4198 6617 4474 pro equali portione dictorum bonorum uni ab altero data et jurant contra predictam quittacionem
3812 4303 5347 4525 non venire datum die anno quibus supra
5027 4438 6555 4605 littera concordie nicoleti de disyet clementis bochy
3808 4510 6544 4736 nicoletus de diy sutor morans in burgo laus et clemens bochy de chivile
3827 4627 6504 4845 sutor morans laus notum faciunt quod cum questio verteretur aut verti speraretur inter
3830 4714 6511 4936 ipsos super eo quod dictus clemens dicebat se esse heredem perreti bochy de
3816 4776 4718 5009 chivilie fratris sui ex sub
