7178 5657
1620 459 2140 637 anno lx primo
605 598 3457 808 ex institucione ab ipso perreto tandem ab forma quod dictus nicolaus ultra lega
587 730 3428 915 ta per dictum perretum dicto clementi facta dat et demitit dicto clementi pro se et suis heredibus
587 833 3414 1000 a suo corpore legitime procreandis tantum medietatem domus affetamenti dicti quondam perreti siti
605 940 3400 1100 en columbie et sextam partem totius corii ipsius quondam perreti una cum medietate carder
595 1032 3410 1200 affetamenti in hoc  dictus clemens teneatur solvere medietatem omnium debitorum dicti
595 1125 3354 1314 quondam perreti et si contingeret dictum clementem decedere ab humanis absque
609 1235 3457 1435 legitimo et naturali a suo corpore procreando quod dictus clemens super res predictas
609 1328 3428 1506 non possit ordinare nisi quadraginta solidos laus semel dictus clemens sic fieri
627 1420 3393 1623 voluit et juramento dicto non contravenire sed predicta observare datum viii die
630 1509 2307 1687 mensis aprilis anno quo supra dupplicata est levata est
1506 1645 3019 1862 littera nicolai de diy et clementis de chivilie
587 1762 3450 1986 dominus willelmus de grandissono presbiter nunc curatus de bono villario confitetur se
637 1901 3400 2061 recepisse a nicolao de disy et clemente bochy de chivilie sutoribus laus sexde
634 1994 3343 2150 cim libras laus videlicet de triginta libris laus in quibus perretus bochy de chivilie
612 2086 3286 2221 dicto domino wo tenebatur pro restitucione dotis henryete uxoris quondam dicti
609 2186 3286 2353 perreti neptis que dicti domini wi quare ipsos quitat de dictis sexdecim libris et
687 2257 3357 2474 promittit esse guerens de ulterius non petendo datum xiiiia die mensis aprilis
595 2385 1153 2563 anno quo supra
1691 2471 3133 2713 littera dotis johannete filie quondam johanneti grapini
634 2602 3475 2841 mermodus banbachellar de estagnyeres confiteor se recepisse a nicolao de
619 2752 3471 2933 disy sutori laus viginti quinque libras laus bonorum de dote nomine et ex causa dotis
662 2844 3418 3033 johannete uxoris sue, filie quondam johanneti grapini de disy quas ne pereant in futurum
655 2951 3432 3133 sed ut salve sint ponit et assetat dicto nicolao presenti et recipienti nomine
684 3033 3389 3229 et ad opus dicte johannete et suorum recuperandas in casu quo dotis restitucio
641 3133 3400 3332 locum haberet secundum consuetudinem laus supra domum suam sitam laus in vico de
662 3232 3400 3418 choucrux juxta muros bastimentorum ex una parte et domum wi de disy ex altera
680 3346 3418 3517 cum fondo et caetera devestit se et caetera promittit juramento suo et sub obligacione suorum
655 3435 3428 3599 bonorum et caetera dictam domum manutenere et caetera et reddere dampna et caetera dans
662 3524 3350 3717 dicte johannete et suis inantea dictam domus et caetera durante assignacione predicta
691 3628 2399 3852 datum xviiia die mensis aprilis anno quo supra
2841 3624 3200 3806 levata est
1901 3777 3054 3969 littera nicoleti de disy sutoris
676 3905 3450 4169 johanneta quondam filia johannetii grapini de disy quittat et pinitus solvit nicoletum
648 4058 3336 4265 de disy sutorem laus filium quondam petri tagnyat de disy presentem
648 4137 3403 4368 de et super omnibus querelis sibi competentibus contra dictum nicolaum et contra bona et in bonis
662 4254 3222 4471 nicolay fratris suie dicte johanette quondam filii que dicti johannetii videlicet pro sexdecim
698 4340 3371 4564 sexdecim libris laus bonorum quos confitetur habuisse ad dicto nicolao
680 4436 3410 4692 racione quittacionis predicte et promittit juramento suo et caetera et sub suorum bonorum
691 4539 3382 4849 obligacione et caetera contra presentem quittacionem non venire datum xviiia die mensis
1890 4703 2282 4856 aprilis anno quo supra
666 4728 1406 4966 levata est
4834 402 6280 637 littera johannis de escublens domicelli et p gonet
3820 545 6593 737 dominus uldricus de pallayeres curatus ecclesie parrochie sancti petri laus accensat
3841 687 6597 837 imperpetuum pro se et suis subcessoribus johanni filio quondam johannis de escublens domicelli et
3820 762 6629 922 perrodi gonet dicti loci presentibus et recepientibus pro se et suis quendam morcellum
3823 854 6618 1004 vinee situm in territorio de escublens in loco dicto en croset juxta vineam dicti jo
3820 936 6614 1111 ex una parte et vineam jaqueti lathomi ex altera videlicet pro quatuor solidis laus census sibi
3806 1036 6625 1218 curato et suis subcessoribus a dictis johanne et perrodo annuatim persolvendis laus in festo omnium
3806 1132 6625 1314 sanctorum racione directi domini accensacionis predicte devestit se et caetera promittit juramento suo
3816 1225 6508 1396 et sub obligatcione suorum bonorum et caetera manutenere et reddere dampna et caetera et
3806 1335 6590 1502 dicti johannes et perrodus confitentur predicta fore vera et ipsa promittunt juramentis suis et
3823 1420 6536 1620 sub bonorum suorum obligacione et caetera attendere datum sabbato post festum beati michaelis
3799 1524 5247 1730 anno quo supra dupplicata est levata est
4909 1645 6209 1841 littera nicole relicte johannodi vuilpit
3895 1744 6625 1947 perrodus de vuilliens et mermetus de pratanix cives laus rectores confratrie sancti spiritus
3827 1876 6572 2058 de sancto petro laus nomine dicte confratrie pro se et in dicta confratria suis subcessoribus
3823 1962 6600 2147 quittant pinitus et absolvunt nicolam relictam johannodi vuilpit sutoris quondam
3831 2058 6614 2221 laus presentem de et super omnibus actionibus et querelis sibi nomine dicte confratrie competentibus
3827 2157 6618 2332 quoquomodo seu ex quacumque causa contra dictam nicolam et bona dicti johannodi videlicet
3823 2246 6625 2435 pro decem libris laus quas confitentur habuisse a dicta nicola racione quittacionis predicte
3806 2357 6600 2542 et promittunt juramentis suis pro se et suis subcessoribus et sub obligacione bonorum dicte confratrie
3823 2453 6632 2666 de dicta quittacione dicte nicole et suis ferre guerenciam pacis datum sexta die
3823 2577 5059 2759 mensis novembris anno quo supra
4963 2763 6180 2987 littera johannodi tissot de chavanes
3841 2862 6643 3058 johannodus filius quondam cristini chavanat et johanneta eius uxor filia quondam amedei
3891 3015 6625 3168 dicti miguet vendunt imperpertuum quilibet eorum insolidum johannodo tissot filio
3827 3090 6550 3282 quondam auberti tissot de chavanes presenti et recepienti pro se et suis quoddam
3831 3179 6590 3368 casale suum situm laus in ala de extra juxta casale jaqueti dicti besson a parte orientali
3866 3286 6604 3443 et domum cicilie de cossonay a parte occidentali cum fondo et caetera precio quatuor librarum
3845 3378 6575 3560 et decem solidorum laus habitorum et caetera devestiunt se de dicto casali cum fondo et
3852 3467 6607 3635 caetera promittunt juramentis suis et sub obligacione bonorum suorum manutenere et caetera et reddere
3880 3549 6579 3784 dampna et caetera salvis sex denariis laus census qui pro dicto casali dannuatim debentur in
3831 3653 6614 3866 vigillia nativitatis domini conodo de bettens racione directi dominii dicti casalis per
3834 3738 6579 4009 dictum hemptorem qui hemptor debet supportare honera laudis datum mensis
3823 3841 4646 4037 julii anno quo supra
4923 3870 5450 4055 levata est
4820 3991 5888 4197 littera mermete relicte ja giroldi
3902 4087 6536 4311 johannes masoni civis laus et alexia eius uxor confitentur quilibet eorum insolidum se debere
3841 4233 6547 4389 mermete relicta jacodi giroldi civis laus presenti undecim libras laus bonorum
3834 4300 6554 4482 ex remanencia finalis computi facti super retentis septem librarum laus in quibus dicti con
3820 4386 6572 4550 iuges dicte mermete annuatim tenentur quas undecim libras solvere promittunt quilibet insolidum
3855 4486 6565 4685 juramentis suis et sub bonorum obligacione et caetera dicte mermete et suis infra proximum festum
3852 4546 6479 4728 epiphanie domini omni excepcione remota cum expensis littere et reddere missiones et expensas et caetera
3852 4635 6558 4813 pro quibus omnibus predictis aymondus guerrici se ad preces et caetera constituit fideiussorem datum viia
3816 4713 6558 4934 die mensis novembris anno quo supra
