7178 5657
1418 461 1930 664 anno lxo primo
1952 493 2949 686 littera mermete relicte  ja giroldi
591 573 3461 784 johannes de villeta clericus filius perrodi de villeta clerici notum facit quod cum ipse et
620 729 3472 871 johannes dictus cinel clericus laus vendiderunt quilibet eorum insolidum mermete relicte jacodi
602 798 3450 950 giroldi civis laus presenti quatuor cupas boni frumenti annui redditus ad mensuram laus precio
613 874 3450 1066 viginti florenorum habitorum et caetera pro quo frumento annuatim solvendo ypotecaverunt dicte mermete
617 972 3446 1132 unam cupam argenti deauratam ponderantem undecim uncias et unam coronam
620 1056 3450 1219 argenti deauratam ponderantem septem uncias dictus jo de villeta de laude
624 1146 3479 1306 dicti patris sui confitetur habuisse a dicta mermeta predictam cupam in solucione decem florenorum
631 1226 3435 1382 dicte quantitatis dicte mermete facta quare promittit dictus johannes de auctoritate qua supra juramento suo et
624 1313 3457 1498 obligacion bonorum suorum et caetera dicte mermete et suis de dicta cupa ferra bonam guerenciam
649 1407 3435 1632 pacis de ulterius non petendum et reddere dampna et caetera datum xviia die mensis
649 1531 1230 1716 marcii anno quo supra
1832 1651 2790 1857 littera huguete de chesales
646 1770 3504 1977 jordanus de alinex lathomus et civis laus confitetur se debere hugue che
653 1886 3468 2079 sales presenti filie quondam perrodi gontet de chesales viginti septem libras laus
649 1984 3450 2180 ex causa concordie facte inter ipsos super triginta libras legatas quondam per nicolam so
653 2086 3486 2267 rorem dicte hugue relictam quondam johannodi vuilpit sutoris laus quas promittit
657 2176 3439 2365 juramento suo et sub obligacione bonorum suorum et caetera solvere dicte hug infra octo
657 2274 3330 2470 dies proximos omni excepcione remota et reddere dampna et ceatera datum xxi
649 2372 2630 2586 die xixa mensis marcii anno quo supra levata est
1937 2488 2985 2761 littera huguete de chesales
624 2666 3424 2877 uldricus gontet de chesales confitetur se vendisse imperpetuum huguete
675 2757 3482 2971 filie quondam perrodi gonte sorori sue presenti tres cupas frument medii fru ad mensuram
689 2887 3490 3043 meldunia precio octo librarum laus habitarum et caetera solvendas annuatim in festo martini
696 2978 3472 3141 yemalis apud meldunum et ipsas assetat super omnia bona sua et promittit juramento suo et
678 3065 3504 3243 sub obligacione suorum bonorum obligacione dictum frumentum in dicto festo ut dictum est solvere
671 3163 3207 3370 et reddere dampna et caetera datum xa die mensis februarii anno quo supra
1466 3265 2804 3428 levata est presens littera per me jo r comissarium
678 3363 3551 3569 fiat rechetum decem annorum et quod possit redimere primum bichetum pro sexaginta solidis
693 3482 3446 3649 et quemlibet aliorum pro quinquaginta item confitetur se debere dicte huguete dimidium
693 3577 3450 3769 modium frumenti ad dictam mensuram solvendum apud meldunum in proximo festo beati michaelis
693 3686 1241 3867 datum ut supra
1712 3751 3384 3994 littera jaquete filie quondam richardi mistralis de albona
678 3885 3519 4110 jaqueta dicta caffia de ripa filia quondam johannis dicti caffy dou chastellar et jaquetus
704 4016 3479 4208 filius quondam hugoneti dicti tuychy dou chastellar vendunt imperpetuum pro se et
733 4095 3442 4306 suis jaquete filie quondam richardi mistralis de albona presenti pro se et suis heredibus quan
729 4186 3526 4378 dam vineam suam sitam in territorio de montagny in valle lustriaci juxta vineam
711 4299 3530 4502 heredum jaqueti de pasquier ex una parte et vineam heredum predictorum ex altera et
715 4386 3479 4596 vineam johannis filii uldrici de fossau a parte superiori et vineam gir lintan ab
718 4484 3428 4665 inferiori cum fondis et caetera precio quadra ginta librarum bonorum laus habitarum et caetera
729 4574 3424 4785 devestiunt se et caetera promittunt juramentis suis et caetera et sub obligacione bonorum suorum et caetera
736 4640 3479 4861 dictam vineam manutenere et caetera et dicta ja et suis reddere dampna et caetera ob causam
740 4752 3522 4984 querencie non portate salvis duabus cupis vini census ad mensuram lustriaci que annuatim
3783 548 6580 755 debentur racione directi dominii dicte vinee mermo lyoneta de lustriaco domicello
3783 678 6620 816 pro quibus omnibus predictis firmiter attendendis johannetus dictus loschet dou chastellar
3783 758 6591 929 ad requisicionem dictorum venditorum se constituit fideiussorem per sex annos proximos tantum et
3787 849 6620 1037 promisit juramento suo et sub suorum bonorum obligacione predicta attendere datum xixa die
3809 954 4879 1125 mensis februarii anno quo supra
5086 940 5572 1114 levata est
3776 1052 5811 1270 fiant indempnes observantes et reschetum trium annorum
4716 1317 6101 1520 littera matrimonii jo magnyn et beatricis eius uxoris
3686 1418 6595 1632 jaque dictus dent et johannodus magnyn notarius laus habent inter se convenciones matrimonii
3802 1553 6627 1741 sub condicionibus que secuntur quod dictus jaquetus promisit bona fide sua beatricem filiam suam
3805 1643 6591 1821 dare in suam uxorem legitimam johannodo predicto sancte matre ecclesia concedente et vice versa
3809 1734 6638 1908 dictus johannodus promisit dictam beatricem ducere in suam uxorem legitimam cui beatrici dictus jaquetus
3809 1839 6598 2002 dedit et constituit pro dote et nomine dotis et pro omni jure sibi competente in bonis suis
3794 1926 6675 2093 ducentos et viginti florenos auri boni florencie quos solvere promisit juramento suo et caetera et sub suorum
3791 2021 6656 2195 bonorum obligacione et caetera per terminos infrascriptos videlicet incontinenti celebrato dicto matrimonio
3802 2104 6653 2303 dicto jo ad opus dicte beatricis et suorum per terminos infrascriptos videlicet incontinenti celebrato
3798 2206 6595 2401 dicto matrimonio quadraginta florenos et a proxima dominica bordarum in unum annum sexaginta
3794 2289 6627 2503 florenos et sic anno quolibet in dicta dominica sexaginta florenos usque ad plenam solucionem
3798 2391 6595 2597 dictorum ducentorum et viginti florenorum aut sibi tradere in quolibet termino pro quibuslibet lxta
3802 2478 6613 2692 florenorum assignacionem competentem secundum consuetudinem laus et sibi reddere dampna et ceatera
3794 2576 6609 2786 pro quibus omnibus predictis gir de pantherea et johannetus quondam filius nicholeti claret
3791 2684 6602 2895 cives laus ad preces et requisicionem dicta ja se constituerunt fideiussores quilibet insoldium et
3783 2786 6595 2985 promiserunt juramentis suis et sub suorum bonorum obligacione predicta adimplere si dictus ja in
3802 2869 6617 3080 ipsis aut altera ipsorum deficeret preterea dictus jo magnyn dedit dicte beatrici
3802 2978 6584 3178 uxori sue future et dicto ja stipulanti ad opus dicte beatricis quadraginta florenos
3783 3080 6635 3265 auri in casu quo dictum jo decedere contingeret nullo habente ab ipsis supersite dicta beatrice
3791 3181 6646 3363 vivente quos quadraginta florenos dictus jo in eo casu assectat percipiendos
3816 3272 6573 3450 super omna bona sua et pro ipsis quadraginta item promisit juramento suo et caetera sub
3813 3366 6562 3562 obligacione bonorum suorum et caetera assectare dicto jaqueto ad opus dicte beatricis et
3823 3468 6584 3682 suorum illam quantitatem florenorum quam sibi solvi contingerit et pro predictis per ipsum
3813 3577 6551 3791 joh ad implendi henricus galleys civis laus se fideiussorem constituit ad opus
3816 3686 6627 3914 dicte beatricis in manibus dicti ja datum xxva die mensis februarii anno
3831 3798 4164 3972 quo supra
4349 3802 5434 3979 levata est duplicata est
5245 3867 6533 4121 littera anthonie filie quondam mermodi chinu
3794 4008 6559 4237 stephanus veleti nomine suo et nomine procuratoris hugonii fratris sui et johannes borgeys eius
3842 4153 6617 4306 nepos de villar sisel quittant cedunt et penitus relicunt anthonie filie quondam
3849 4230 6660 4400 mermodi chinuz civis laus relicteque rychardi velleti fratris dicti stephani omnia et omnes
3831 4302 6609 4487 actiones et jura sibi competentibus et competitura in bonis quondam dicti richardi in quibus
3852 4382 6667 4553 que rerum existant tam debitis pecunariis vineis et caetera precio ducentorum florenorum auri boni
3823 4469 6624 4654 habitatorum et caetera devestiunt se et caetera nichil juris in ipsis retinentes promittunt juramentis
3849 4556 6559 4745 suis et sub suorum bonorum obligacione et ceatera de dicta quittacione dicte anthonie et suis
3834 4658 6540 4839 imperpetuum ferre bonam guerenciam et reddere dampna et ceatera datum die
3842 4748 5873 4944 lune ante festum nativitatis beati johannis baptiste anno quo supra
4487 4835 6120 5057 levata est presens littera per me jo r commissarium
