7162 5657
1314 428 1849 670 anno lxo secundo
1929 421 2599 663 littera cononis chinquily
567 600 3507 816 jaqueta dicta caffa de ripa et jaquetus filius quondam hugoneti dicti tuychi dou chastellar
703 718 3522 897 confitentur se debere quilibet in solidum cononi de chinqly burgensi friburgi presenti duos florenos
666 809 3504 992 boni auri quos solvere promittunt juramentis suis et sub obligacione bonorum suorum et caetera dicto cononi
663 893 3489 1109 hinc ad festum proximum beati michaelis cum expensis littere et reddere dampna et caetera datum ultima
663 1007 1732 1183 die mensis aprilis anno quo supra
1820 1025 2347 1161 levata est
1644 1076 3079 1325 littera mermeti dou pueys de marteris et eius uxoris
670 1212 3529 1443 dominus uldricus curatus ecclesie parrochialis sancti petri lausa accensat per octo annos proximos
677 1344 3486 1527 tantum mermeto dou puys pueys de marterey et francesie eius uxori presentibus quandam
677 1424 3478 1626 ochiam suam sitam in loca dicto ou bugnyon juxta ochiam johannodi dicti bugnyon
677 1563 989 1691 borserii
1102 1516 3537 1706 ex una parte et ochiam aymonis chadelet ex alia pro decem
692 1629 3511 1809 solidos laus census solvendos in festo beati marie yemalis durante dicto termino devestit se
663 1724 3482 1904 et ceatera promittens manutenere et caetera et dicti coniuges promittunt dictum censum ut dictum est
674 1809 3350 2047 solvere et reddere dampna et ceatera datum xxxa die mensis maii anno quo supra
1457 1918 2449 2109 levata est dupplicata est
1677 2058 2977 2296 littera perrodi de cletis pelliparii laus
666 2200 3500 2420 aymonetus dictus rober et perussona eius uxor vendunt imperpetuum pro se et suis
685 2343 3471 2512 perrodo de cletis pellipario laus presenti pro se et suis wangnycham suam seu
703 2449 3420 2585 culturam cuiusdam vinee site in territorio laus in loco dicto juvigo juxta
710 2519 3456 2702 vineas perroneti de albona civis laus ab orientali et inferiori parte et viam publicam
707 2614 3471 2790 tendentem a laus versus ripam ab alia cum fondo et caetera precio quadraginta
707 2706 3526 2903 solidorum habitorum et caetera devestiunt se et caetera promittunt juramentis suis et sub suorum bo
718 2812 3522 3039 norum obligacione manutenere et caetera et reddere dampna et caetera datum xiia die
729 2940 1713 3119 mensis maii anno quo supra
2761 2918 3200 3079 levata est
1732 3072 3211 3302 littera roleti totavini et jordane eius uxoris
710 3145 3500 3412 bertholomeus friendi civis laus et francesia eius uxor filia quondam bononis chinuz
718 3339 3496 3471 civis laus vendunt imperpetuum quilibet eorum insolidum de laude katerine eorum filie
718 3431 3518 3610 pro se et suis roleto dicto totavini habitatori laus et jordanete dicte parreta
732 3515 3540 3716 eius uxori presenti et recipienti pro se et suis quandam domus domum suam sitam in burgo
718 3614 3533 3804 laus juxta domum heredum agnetis dicte migueta ex una parte et casale heredum
740 3716 3577 3888 johannodi guerrici civis laus ex altera cum fondo et caetera precio decem et octo librarum
721 3819 3548 4027 laus habitarum et caetera devestiunt se et caetera promittunt juramentis suis et sub obligacione suorum
732 3921 3515 4097 bonorum et caetera dictam domum dictis hemptoribus et suis manutenener et caetera et reddere
747 4024 3533 4225 dampna et caetera salvis duobus solidis et decem denariis laus census solvendis here
743 4126 3507 4331 dibus jordani fraconis quondam civis laus datum quo ad francesiam et katerinam
736 4232 3515 4481 die veneris post festum beati galli et quo ad dictam bertholomeum via die mensis
1999 4346 2453 4525 levata est
996 4379 1490 4569 anno quo supra
4536 366 5547 600 anno domini mo cccmo lxo secundo
5027 461 6491 718 littera domini ja de chesauz canonici sedunensis
3950 633 6627 860 willelmus de chesauz canonicus laus notum facit quod cum dominus jacobus eius
3994 787 6671 978 frater canonicus sedunensis sibi teneretur in tribus cupis frumenti annui
4005 886 6718 1095 redditus precio septem librarum et decem solidorum laus ex parte nicho
5613 1003 5887 1091 suorum
4005 1003 6605 1216 leti de crissie prout in litteris partagiorum continetur dictus dominus
3969 1139 6733 1344 willelmus confitetur habuisse a dicto ja predictas septem libras et decem solidos
3991 1263 6722 1490 quare quittat predictum dominum ja super dictis tribus cupis frumenti et promittit
4009 1388 6696 1629 esse guerens et caetera et reddere dampna et caetera fiat littera ad dic
4013 1497 6393 1735 tamen peritorum datum ixa die mensis augusti anno quo supra
4800 1604 6026 1790 levata est littera predicti domini ja
3987 1695 6565 1959 item idem dominus willelmus notum facit quod cum relicta jaqueti de crissie
4009 1864 6590 2076 domicelli teneret quandam decimam dictorum fratrum et ipse dominus
4009 1984 6652 2189 willelmus ipsam redimerit a dicta relicta precio xii florenorum auri
4009 2109 6627 2307 boni ipse dominus willelmus sua certa sciencia relinquit dicto domino
4016 2233 6704 2449 ja fratri suo terciam partem dicte decime precio quatuor florenorum
4013 2365 6631 2603 boni auri habitorum et caetera et promittit juramento et sub obligacione
3998 2523 6623 2764 bonorum manutenere et guerentire et dampna restituere fiat littera
4013 2654 6451 2881 ut supra datum die et anno quibus supra levata est
4631 2786 6275 2984 littera perriniri asynarii civis astensis filii
4628 2903 5993 3083 quondam domini stephanodini de astinario
3936 2995 6228 3207 anthonia filia quondam mermodi dicti chinuz civis laus
6458 2991 6799 3185 relicta
3947 3123 6762 3321 rychardi velleti de villar sysel uxor que aymoneti filii quondam
3961 3218 6792 3423 johannodi dicti seschauz de castello usufructuaria ac usufructuarie
3950 3324 6795 3511 nomine dicti richardi ac heres johannis et amedei quondam liberorum
3950 3438 6784 3636 meorum et dicti richardi henricus galeys et johanneta moreta
3947 3551 6770 3760 cives laus executores testamenti dicti richardi notum faciunt universis
3929 3672 6781 3896 quod cum perrinir asynarii civis astensis filius domini stephanodini asynarii
3921 3793 6781 4042 confessus fuit se debere predicto rychardo octingentos florenos
3910 3965 6733 4185 ex mutuo dicta anthonia de laude dicti aymoneti viri sui
3903 4104 6740 4350 et dicti executores nominibus quibus supra confintentur predictas octin
3932 4221 6770 4463 gentas libras a dicto perrino habuisse et caetera quare quittant ipsum
3929 4390 6707 4588 perrinum et suos et caetera et promittunt juramentis suis contra predicta non
3932 4503 6770 4705 venire et si aliquod instrumentum super predictis octingentis
3936 4613 6788 4822 libris factum inveniretur volunt quod sit nullius valoris fiat
3940 4730 6649 4950 littera ad dictamen peritorum datum xxva die mensis augusti
3925 4840 4642 5074 anno quo supra
