7131 5657
517 619 3318 852 perretus dictus meioz de wouflens villa confitetur se debere perroneto cogtens
517 769 3337 922 civi laus viginti octo solidos laus ex vendicione medietatis unius jumenti seu eque
499 849 3384 1034 bruna sibi a dicto perroneto tradite quos solidos promittit solvere juramento suo et caetera et sub obligacione
535 940 3340 1140 suorum bonorum et caetera dicto p cogtens per terminos infrascriptos videlicet infra proximum
514 1020 3358 1249 festum pasche viginti solidos et infra festum penthecostes continue sequens octo solidos aliam
514 1107 3311 1344 medietatem dicti jumenti confitetur se tenere ad tenementum et custodiam pro
495 1209 3366 1432 duabus cupsi frumenti solvendis annuatim dicto p cogtens dum ipse perronetus meioz
495 1282 3340 1577 tenens dictam medietatem in festo martini yemalis et sibi reddere missiones et caetera
514 1381 2105 1584 datum viiiia die mensis novembris anno quo supra
670 1504 2309 1661 levata est presens littera per me jo r commissarium
1410 1592 3231 1785 littera mermeti quondam filii johanneti renan de dignens
528 1679 3395 1923 perrodus quondam filius hugoneti dicti renan de dignens accensat pro se et suis per de
554 1814 3307 2018 cem annos proximos tantum mermeto quondam filio johanneti renan icti loci reis et possessiones
539 1894 3347 2080 suas sitas in finagio et territorio de dignens videlicet pro tribus bichetis frumenti
535 2003 3278 2175 receptibilibus ad mensuram albone solvendis dicto perrodo anno quolibet dictorum decem
525 2091 3238 2280 annorum per dictum mer et suos lausanna in festo marie magdalene devestit se et caetera
528 2193 3220 2393 promittit et caetera et reddere missiones et dampna et caetera et dictus mermetus confitetur
535 2269 3304 2484 predicta fore vera et promittit juramento suo et caetera et sub suorum bonorum obligacione
535 2371 3369 2612 et caetera predicta attendere et reddere dampna et caetera datum xxiia die mensis januarii
539 2473 1034 2652 anno quo supra
1741 2532 2368 2754 littera roleti oxie
554 2644 3366 2885 mermodus lombardi filius quondam stephani lombardi de quercu laus vendit imperpetuum
554 2808 3340 2983 pro se et suis roleto quondam filio willelmi dicti oxie sutori laus presenti quandam domum
554 2903 3307 3071 suam sitam in burgo laus juxta domum nicodi dicti souter civis laus ex una parte
565 2998 3333 3191 et domum heredum johannodi chapeller scissoris pagnorum laus ex alia una cum
572 3096 3289 3278 platea existente retro dictam domum et medietate latrine existentis super
572 3187 3286 3384 fascimenta existencia retro dictam domum et se extendit dicta domus a via
590 3282 3267 3475 publica a parte posteriori usque ad fascimenta predicta a parte posteriori cum fondo
590 3384 3304 3606 et caetera precio quinquaginta librarum laus habitarum per dictum mermodum devestit
594 3497 3304 3697 se et caetera promittit juramento suo et sub suorum bonorum obligacione dictus mermodus
579 3602 3300 3803 dictam vendicionem manutenere et caetera et reddere dampna et caetera racione dicte
612 3693 3235 3897 guerencie non portate et caetera salvo censu qui annuatim debetur pro predicta
586 3792 3205 4054 domo pro capituli laus datum die lune post festum epiphanie domini
641 3901 1625 4112 anno quo supra levata est
1799 4080 2663 4276 littera jordanete moreta
627 4185 3329 4404 jordaneta quondam filia perrodi moret civis laus dat ad colendam per sex annos
612 4320 3253 4495 tantum proximos jannino dicto guidet de eschanens presenti quandam vineam
641 4422 3296 4593 suam sitam in territorio de eschanens juxta vineam jannini de eschanens
634 4509 3307 4688 domicelli ex una parte et vineam petri de buloz ex altera sub condicionibus que
641 4611 3337 4790 secuuntur primo quod dictus janninus guidet debet per dictum terminum dictam vineam
641 4702 3264 4874 fideliter excollere suis expensis secundum consuetudinem patrie et loci item quod
648 4794 1020 4947 dictus janninus
1151 4812 1467 4976 debet pro
2255 4794 3315 4983 acciperer tres tinyet vindemie
3803 565 6560 765 item residuum vindemie debet dividi annuatim ad tinier a l'eschandaly et dicta jor
3814 696 6578 845 debet habere medietatem residui racione directi dominii et dictus ja aliam medietatem
3799 779 6589 925 pro cultura sua et debet dictus janninus portare medietatem dicte jordanete in domo qua
3814 852 6564 1016 ipsa repone aliud vinum suum apud eschanens suid expensis item debet notificare per
3814 943 6618 1096 duos dies antequam vindemietur et custodem pascere item est actum quod si non essent nisi
3803 1034 6575 1187 tres tiniet dicta jor debet habere unum devestit se etc promittit manutenere et caetera
3795 1107 6589 1319 et dictus janninus confitetur predicta fore vera datum sabbato post dominicam bordarum anno
3795 1235 4101 1406 quo supra
5049 1286 5875 1486 littera jordanete moreta
3748 1406 6677 1628 janninus guidit et perreta eius uxor confitentur se debere quilibet eorum insolidum jordane
3803 1533 6622 1716 filie perrodi moret predicte presenti viginti solidos laus ex mutuo quos primittunt juramentis suis
3799 1614 6648 1807 et sub suorum bonorum obligacione et caetera solvere dicte jor infra proxima festum beati michaelis omni
3821 1734 6604 1912 exceptione remota cum expensis littere et reddere missiones et expensas et caetera et est fideiussor
3803 1821 6094 2018 jaquetus dictus couwro de eschalens datum die et anno quibus supra
5008 1978 5835 2160 littera jordanete moreta
3777 2087 6673 2277 girardus de bettens domicellus et petrus de brunens filius quondam johannis de dalliens domicelli
3814 2211 6597 2379 confitentur se debere quilibet insolidum predicte jordanete moreta septem libras laus ex
3817 2302 6600 2495 mutuo habito et caetera quas promittunt juramentis suis et sub bonorum suorum obligacione solvere quilibet
3821 2393 6648 2583 insolidum dicte jordanete infra proximas octabas festi beati martini yemalis omni excepcione remo
3821 2470 6553 2710 ta cum expensis littere et reddere dampna et caetera datum sabbato ante festum beati georgii
3821 2583 4783 2754 anno domini millesimo ccco lxio
5016 2583 5544 2768 levata est
4852 2736 5992 2947 littera mermete relicte ja giroldi
3810 2848 6436 3107 jaqueta de grandissono relicta nobilis viri domini girardi de monte falconis militis
3828 2987 6567 3238 domini de orba, confitetur quod cum ipsa vendiderit perpetue pro se et suis mermete
3828 3089 6549 3318 relicte jacodi quondam filii henrici giroldi civis laus quatuor modios pulcri
3825 3184 6556 3435 frumenti annui et perpetui redditus ad mensuram laus precio ducentorum et sex florenorum
3832 3282 6465 3515 boni auri pro quo quidem frumento singulis annis solvendo tradidit et obligaverit
3832 3377 6597 3617 duodecim scutellas argenteas duodecim ciphos argenteos unum gubel
3814 3479 6575 3712 lotinum cum coopertorio argenti deaurato et () unam cupam argenti
3836 3588 6578 3806 cum () et coopertorio deaurato cum uno pomellet dicte cupe que omnes res
3828 3683 6549 3890 predicte ponderant in universo quadraginta et duas marcas et duas uncias
3836 3792 6535 4007 ad pondus laus ipsa jaqueta confitetur et in veritate recognoscerit se habuisse
3832 3890 6587 4112 et recepisse a dicta mermeta res seu pignora supradicta bene et integre in so
3828 3981 6587 4233 lucione facta ex parte ipsius jaquete dicte mermete ducentorum et sex florenorum predictororum
3825 4112 6556 4316 quare promittit dicte mermete et suis bona fide sua set sub suorum bonorum obli
3850 4229 6538 4458 esse guerens perpetue contra omnes in casu quo aliquis peteret res predictas seu
3846 4327 6589 4571 aliquam ipsarum et sibi reddere omnia dampna et caetera et caetera dicte guerencie datum
3854 4437 6473 4702 die sabbati ante festum beati thome apostoli anno domini mo ccco lxo
5318 4597 5792 4783 levata est
