7162 5673
1284 456 1625 671 anno lxo
578 581 3397 796 benethonius quondam filius anthonii ronginel dat et concedit pro se et suis a dato
552 728 3383 893 tendi per spacium decem annorum tantum girardo saraulie laus prensenti quandam vineam suam
585 818 3408 987 sitam in territorio laus in loco dicto ronginel juxta vineam heredum perrodi nardini
563 900 3405 1094 ex una parte et viam publicam tendentem a laus versus ochie ex alia sub condicionibus
570 990 3405 1191 que secuntur primo quod dictus gir debet per dictum terminum dictam vineam bene et fideliter
574 1091 3376 1281 excollere videlicet ter fodire in bona sason et alia opera in dicta vinea necessaria
585 1191 3351 1399 facere secundum consuetudinem laus item dictus gir pro cultura sua debet percipere
581 1295 3376 1474 predictum terminum duas partes omnium frutuum dicte vinee et dictus benethonius terciam
578 1396 3376 1571 partem racione dominii dicte vinee et debet dividi dicta vindemia a tinier a l'es
603 1485 3401 1697 chandaly cum custodia pascenda et debet notiffacere dictus gir per unam
592 1586 3383 1790 diem antequam vindemietur devestit se dictus b et caetera et promittit manutenere
581 1690 3405 1887 et caetera et reddere dampna et caetera et dictus gir confitetur predicta fore vera et ipso
588 1797 3351 2016 juramento suo et sub bonorum suorum obligacione firmiter actendere datum die prima mensis
592 1919 1449 2099 jannuari anno quo supra
1740 2092 2608 2307 littera jaqueti de sancto liberio
585 2188 3394 2457 stephanus de larnaz de escublens confitetur se debere jaqueto de sancto liberio cissori pagnorum
610 2339 3365 2565 laus presenti octo cupas frumenti primevallis ex mutuo quas promittit juramento suo et sub
617 2440 3315 2673 suorum bonorum obligacione dicto ja per terminos infrascriptorum videlicet infra proximum festum
596 2544 3383 2752 beati michaelis quinque cupas et in eodem festo anno sequenti tres cupas omni exceptione remota
592 2655 3344 2863 et reddere dampna et caetera et sunt fideiussores mermetus filius aymoneti dou russel
603 2766 3315 2949 de rengerrenges perretus dou russel quilibet eorum pro quarta parte perretus de
599 2848 3408 3064 domo richardi pro medietate et promittunt fideiussores prout sunt obligati solvere
617 2949 3333 3175 si dictus ste defficeret renunciando juri suo quos fideiussores dictus ste promitti ser
603 3064 3085 3326 vare indempnes datum xxiia die mensis januarii anno quo supra
1299 3168 1736 3344 levata est
1643 3286 3491 3548 littera matrimonii johannodi borgeys de cultinau et alexie eius uxore
628 3451 3336 3663 johannodus, filius quondam johannis borgeis de cultinau et michodus de venes domicellus
635 3559 3383 3778 habent inter se convenciones matrimoniales sub condicionibus que secuntur primo dictus johannodus
649 3659 3412 3853 promisit bona fide sua accipere in uxorem suam legitimam alexiam quondam filiam jaqueti char
631 3763 3383 3953 bonet sancta matre ecclesia concedente et dictus michodus promisit bona fide sua
621 3878 3318 4065 dictam alexiam neptem suam dare in uxorem suam legitimam dicto johannodo domino
657 3979 3311 4154 concedente et quod non fiat nec faciet quin dictum matrimonium sic celebrandum cum suis
649 4043 3376 4230 juribus et partagiis paternis et maternis in quibuscumque rebus existant item dictus mich
635 4158 3315 4344 dat dicte alexie pro dotis sue aumentacione donacione facta inter vivos videlicet pro
649 4258 3412 4456 se et suis heredibus natalisbus a suo corpore procreandis quem dam ortum suum situm in loco
657 4380 1266 4538 dicto ou bugnon
1528 4341 3376 4513 juxta ortum jaqueti de albona ex parte una et ortum mermeti
667 4427 3405 4624 fabri ex altera item dictus michodus promittit juramento suo et caetera et sub obligacione bonorum
674 4520 3358 4718 suorum solvere omnia debita dicte alexie si que ipsa debet a toto tempore preterito
678 4621 3344 4832 usque ad confectionem presentem item dictus johannodus dat dicte alexie uxori sue
674 4696 3426 4936 presente quadraginta libras laus pro dotalicio suo quas assignatur recuperandas in casu quo
2457 4789 3419 4994 super omnia bona sua mobilia
3796 549 6608 764 ac immobilia pro quo dotalicio ut dictum est solvendo ad preces dicti johannodi se
3799 692 6673 875 obligaverunt fideiussores johannodus doliet de cultinau et roletus borgeys frater
3803 786 6669 954 dicti johannodi quilibet eorum insolidum et promiserunt dicti fideiussores juramentis suis et sub suorum
3796 857 6594 1040 obligacione bonorum omnia predicta ex parte dicti johannodi attender si ipse deficeret in predictis
3810 933 6644 1148 juri suo renunciando datum xxva die mensis januarii anno quo supra levata est pro
6149 1069 6554 1213 jo borgeis
4800 1130 6066 1363 littera marguerete uxoris mermodi clareti
3792 1274 6676 1492 mermodus clareti civis laus confitetur quod cum ipse et marguereta eius uxor emerint a johanne
3806 1410 6666 1586 de solerio lombardo duos modios frumenti ad mensuram laus annui redditus precio centium
3821 1500 6651 1690 florenorum laus dicto johanne solutorum item confitetur quod cum ipse et dicta marguereta
3806 1607 6658 1783 emerint a willelmo de turre domicello lustriaci novem sextaria ad mensuram vallis lustriaci
3821 1693 4230 1858 census precio
4764 1700 6662 1883 sibi willelmo a dictis condictis coniugibus solutis item et a johanne
3810 1772 6669 1970 descut climent tres sextarias refet precio idem mermodus duos modios
3799 1905 6651 2081 frumenti novem sextaria et tres sextaria refet predictos confitetur esse emptos
3814 1998 6687 2178 de dote et propria sorte dicte marguerete uxoris sue quare dat relinquit et cedit
3817 2081 6669 2282 dicte uxori sue predictos census pro quantitatibus predictis nichil sibi in ipsis retinens fiat
3821 2170 6673 2411 littera sub sigillo curie laus ad dictamen sapitentum datum iiiia die mensis marcii
3814 2278 4301 2450 anno quo supra
4969 2382 6013 2597 littera gir filii mermodi claret
3821 2472 6630 2709 predictus mermodus confitetur se recepisse a mermeta prima uxore sua matre
3842 2626 6608 2805 girardi filii sui et quondam dicte mermete quater viginti libras laus bonorum de
3849 2726 6619 2892 dote et nomine dotis ipsius mermete quas quater viginti libras dictus mermodus ponit
3835 2809 6601 2974 assignat dicto gir presenti et suis habendis et recuperandis in casu et enventu dotis
3853 2909 6658 3100 restituende secundum consuetudinem laus supra vineam meam sitam in territorio de
3846 3003 6644 3179 pullie juxta viam publicam tendentem ab ecclesia de pullie versus crestam de pullie
3831 3114 6630 3275 ab occidentali parte et vineam perrodi bero a parte occidentali et vineam illorum
3839 3207 6623 3387 de adventica a parte superiori inferiori item et super censum duarum domuum mearum
3853 3311 6630 3476 cum suis pertinenciis sitarum ochie juxta pascuam de ochie ex una parte et terram
3839 3401 6615 3573 quam dicto mermodo tenent claretus bosset et johannetus eius frater ex alia
3857 3491 6669 3663 qui census attendit decem solidos et unam galinam item et super omnes res et possessiones
3857 3598 6705 3760 accensas quas et quos habeo et que michi debentur in territorio de ochie
6440 3602 6691 3695 et super alia
3860 3695 6594 3867 devestio me et caetera  promitto juramento meo et caetera et sub bonorum meorum et caetera dictum
3860 3781 6594 3982 assetamentum manutenere et reddere dampna et caetera datum die et anno quibus supra
5769 3892 6239 4047 levata est
4965 3961 6364 4158 littera agnellete filie ja vuicherens de culie
3849 3993 6572 4276 johannes monachi marescallus lausanne confitetur se habuisse et recepisse ab agnelletta uxore
3857 4162 6612 4377 sua filia quondam jaqueti cuivherens de culie quadraginta libras laus de dote et ex
3849 4248 6619 4474 causa dotis ipsius agnellete quas ne pereant in futurum assignat et ponit recu
3849 4330 6626 4567 perandas et levandas per dictam agnel et suos in causa dotis restituendi de laude et
3846 4416 6565 4649 consensu katerine filie sue dicti johannis et johannis filii quondam jaqueti dicti cultinau mariti
3849 4506 6612 4728 dicte katerine supra domum suam sitam in burgo laus juxta domum mermeti frabri ex una parte
3828 4606 6619 4840 et domum heredum perrodi chapeller ex alia cum fondo et caetera devestit se et caetera promittit
3849 4718 5033 4854 manutenere et caetera et reddere dampna
5557 4753 6601 4944 agnelete guerenciam dicte domus
3831 4782 4653 4940 et caetera datum ultima die
4872 4893 5295 5062 levata est
